@ARTICLE{CMS_AN_2006-027,
     AUTHOR       = "Belotelov, I. and Golutvin, I. and Bourilkov, D. and Lanyov, A. and Rogalev, E. and Savina, M. and Shmatov, S.",
     TITLE        = "Search for ADD extra dimensional gravity in di-muon channel with the CMS Detector",
     JOURNAL      = "CMS Note",
     VOLUME       = "\href{http://cms.cern.ch/iCMS/jsp/openfile.jsp?type=NOTE&year=2006&files=NOTE2006_076.pdf}{2006/076}",
     YEAR         = "2006"}
@ARTICLE{CMS_NOTE_2006-106,
     AUTHOR       = "Aldaya, M. and Arce, P. and Caballero, J. and de la Cruz, B. and Garcia-Abia, P. and Hernandez, J.M. and Josa, M.I. and Ruiz, E.",
     TITLE        = "Discovery potential and search strategy for the Standard Model Higgs boson in the $H\to ZZ^\star\to 4\mu$ decay channel using a mass-independent analysis",
     JOURNAL      = "CMS Note",
     VOLUME       = "\href{http://cms.cern.ch/iCMS/jsp/openfile.jsp?type=NOTE&year=2006&files=NOTE2006_106.pdf}{2006/106}",
     YEAR         = "2006"}
@Article{Brandt:1997gi,
     author    = "Brandt, A. and others",
 collaboration = "UA8",
     title     = "Measurements of single diffraction at $\sqrt{s} =$ 630 GeV:
                  Evidence for  a non-linear $\alpha(t)$ of the pomeron",
     journal   = "Nucl. Phys.",
     volume    = "B514",
     year      = "1998",
     pages     = "3-44",
     SLACcitation  = "%%CITATION = HEP-EX 9710004;%%",
     doi       = "10.1016/S0550-3213(97)00813-4"
}
@ARTICLE{Buchmuller:1986zs,
     AUTHOR       = "Buchm{\"u}ller, W. and Wyler, D.",
     TITLE        = "Constraints on SU(5)-type leptoquarks",
     JOURNAL      = "Phys. Lett.",
     VOLUME       = "B 177",
     YEAR         = "1986",
     pages        = "p.377",
     SLACcitation  = "%%CITATION = PHLTA,B191,442;%%",
    doi          = "10.1016/0370-2693(86)90771-9"}
@Article{PTDR2,
     author    = "{CMS Collaboration}",
     title     = "{CMS technical design report, volume II: Physics
                  performance}",
     journal   = "J. Phys.",
     volume    = "G34",
     year      = "2007",
     pages     = "995-1579",
     doi       = "10.1088/0954-3899/34/6/S01",
     SLACcitation  = "%%CITATION = JPHGB,G34,995;%%"
}
