--- COMMENTS may be placed outside the @ENTRYTYPE{ ... } stuctures
--- CMS guidelines
---- All URLs for CMS notes, ANs, etc, should refer to the CDS server, not the CMS server. Use our standard format for them, as shown below.
---- If a collaboration is referenced by the collaboration name, it should be listed in the AUTHOR field. If by a first author + "and others", the collaboration name must be listed in the COLLABORATION field.
----   We use the collaboration in preference to the author field, but most journals will list both, so include both.
---- Number of authors to list:
----   PRL requests that we include all authors up to fifteen except for large collaborations, and we take this as our internal guide as well.
----   The individual journal bib style file (theirs, ours, PLB, etc.) will truncate at the appropriate point. We have ours set to _3_ as
----   a reminder to list the appropriate number. For large collaborations, just use first author + "and others".
---- Use only the URL field instead of embedding an href (this is a change in our practice).
---- A reference only published on the arXiv should be listed as UNPUBLISHED (with a note "Submitted to XXX" for CMS or ATLAS papers).
---- Some journals will lowercase the title: use {} to protect words which must be capitalized, e.g., {LHC}, {TeV}, {CERN}, {CMS}. Do not escape the entire title as it will then clash with the journal style.
---- Journal names: the journals generally include the series in the journal name, "Physical Review D", vol 5, rather than PR D5

@Article{cmsJEC,
      author         = "CMS Collaboration",
      title          = "Determination of Jet Energy Calibration and Transverse Momentum Resolution in CMS",
      collaboration  = "CMS",
      journal        = "JINST",
      volume         = "6",
      pages          = "11002",
      doi            = "10.1088/1748-0221/6/11/P11002",
      year           = "2011"
}

@article{HiggsPAS2012,
      author         = "CMS Collaboration",
      title          = "Search for the standard model Higgs boson decaying to
\WW in the fully leptonic final state in pp collisions at $\sqrt{s} = 8~\TeV$",
      collaboration  = "CMS",
      journal        = "CMS Physics Analysis Summary",
      volume         = "{CMS-PAS-HIG-12-017}",
      year           = "2012"
}

@article{Cacciari:fastjet1,
      author         = "{M. Cacciari, G. P. Salam and G. Soyez}",
      title          = "FastJet user manual",
      eprint         = "hep-ph/1111.6097v1",
      archivePrefix  = "arXiv",
      primaryClass   = "hep-ph",
}

@article{Cacciari:fastjet2,
      author         = "{M. Cacciari and G. P. Salam}",
      title          = "{Dispelling the $N^{3}$ myth for the $k_t$ jet-finder}",
      journal        = "Phys.Lett.",
      volume         = "B641",
      pages          = "57",
      doi            = "10.1016/j.physletb.2006.08.037",
      year           = "2006",
      eprint         = "hep-ph/0512210",
      archivePrefix  = "arXiv",
      primaryClass   = "hep-ph",
}

@article{ct10,
     author         = "Lai, Hung-Liang and others",
     title          = "{New parton distributions for collider physics}",
     journal        = "Phys.Rev.",
     volume         = "D82",
     pages          = "074024",
     doi            = "10.1103/PhysRevD.82.074024",
     year           = "2010",
     eprint         = "1007.2241",
     archivePrefix  = "arXiv",
     primaryClass   = "hep-ph",
}

@Article{Melnikov:2006kv,
     author    = "{K. Melnikov and F. Petriello}",
     title     = "Electroweak gauge boson production at hadron colliders through ${\cal O}(\alpha_s^2)$",
     journal   = "Phys. Rev.",
     volume    = "D74",
     year      = "2006",
     pages     = "114017",
     doi       = "10.1103/PhysRevD.74.114017"
}


@Article{Melnikov:2006di,
     author    = "{K. Melnikov and F. Petriello}",
     title     = "$W$ boson production cross section at the Large Hadron Collider with ${\cal O}(\alpha_s^2)$ corrections",
     journal   = "Phys. Rev. Lett.",
     volume    = "96",
     year      = "2006",
     pages     = "231803",
     doi       = "10.1103/PhysRevLett.96.231803"
}

@article{Chatrchyan:2011tz,
      author         = "Chatrchyan, Serguei and others",
      title          = "{Measurement of W+W- Production and Search for the Higgs
                        Boson in pp Collisions at sqrt(s) = 7 TeV}",
      collaboration  = "CMS Collaboration",
      journal        = "Phys.Lett.",
      volume         = "B699",
      pages          = "25-47",
      doi            = "10.1016/j.physletb.2011.03.056",
      year           = "2011",
      eprint         = "1102.5429",
      archivePrefix  = "arXiv",
      primaryClass   = "hep-ex",
      SLACcitation   = "%%CITATION = ARXIV:1102.5429;%%",
}


@Article{wgammastart,
     author    = "{R. C. Gray, C. Kilic, M. Park, S. Somalwar, S. Thomas}",
     title     = "Backgrounds To Higgs Boson Searches from Asymmetric Internal Conversion",
     eprint   = "1110.1368",
     archivePrefix = "arXiv",
     primaryclass = {hep-ph},
     year = "2011"
}
@Article{Aaltonen:2008ec,
     author    = "Aaltonen, T. and others",
 collaboration = "CDF",
     title     = "{Search for a Higgs Boson Decaying to Two W Bosons at
                  CDF}",
     journal   = "Phys. Rev. Lett.",
     volume    = "102",
     year      = "2009",
     pages     = "021802",
     eprint    = "0809.3930",
     archivePrefix = "arXiv",
     primaryClass  =  "hep-ex",
     doi       = "10.1103/PhysRevLett.102.021802",
     SLACcitation  = "%%CITATION = 0809.3930;%%"
}

@Article{pdg,
     author    = "{K. Nakamura et al. (Particle Data Group)}",
     title     = "Review of particle physics",
     journal   = "J. Phys.",
     volume    = "G37",
     year      = "2010",
     pages     = "075021",
     doi       = "10.1088/0954-3899/37/7A/075021"
}

@article{wzxs,
      author         = "Khachatryan, Vardan and others",
      title          = "Measurements of Inclusive {W} and {Z} Cross Sections in pp
                        Collisions at $\sqrt{s}=7$ {TeV}",
      collaboration  = "CMS",
      journal        = "JHEP",
      volume         = "1101",
      pages          = "080",
      doi            = "10.1007/JHEP01(2011)080",
      year           = "2011"
}

@article{LHC-HCG,
        Author = {{ATLAS and CMS Collaborations}},
        Biburl = {http://cdsweb.cern.ch/record/1363354},
        Collaboration = {{ATLAS and CMS Collaborations}},
        Date-Modified = {2011-08-09 20:19:44 -0400},
        Journal = {{ATL-PHYS-PUB-2011-11, CMS NOTE-2011/005}},
        Title = {{Procedure for the LHC Higgs boson search combination in
Summer 2011}},
        Year = {2011}
}

@article{Read1,
        Author = {A. L. Read},
        Journal = {J. Phys. G: Nucl. Part. Phys.},
        Page = {2693},
        Title = {{Presentation of search results: the CLs technique}},
        Volume = {28},
        Year = {2002}
}

@Article{lumiPAS,
   author = "{CMS Collaboration}",
   collaboration = "CMS",
   title = "Absolute Calibration of the Luminosity Measurement at CMS: Winter2012 Update",
   journal = "CMS Physics Analysis Summary",
   volume = "{CMS-PAS-SMP-12-008}",
   year = "2012"
}

@Article{MCFM,
      author         = "Campbell, John M. and Ellis, R.Keith and Williams,
                        Ciaran",
      title          = "{Vector boson pair production at the LHC}",
      journal        = "JHEP",
      volume         = "1107",
      pages          = "018",
      doi            = "10.1007/JHEP07(2011)018",
      year           = "2011",
      eprint         = "1105.0020",
      archivePrefix  = "arXiv",
      primaryClass   = "hep-ph",
      reportNumber   = "FERMILAB-PUB-11-182-T",
      SLACcitation   = "%%CITATION = ARXIV:1105.0020;%%",
}

@Article{powheg_h,
     author    = "{S. Alioli, P. Nason, C. Oleari, and E. Re}",  
     title     = "{NLO} Higgs boson production via gluon fusion matched with shower in {POWHEG}",
     journal   = "JHEP",
     volume    = "04",
     year      = "2009",
     pages     = "002",
     doi       = "10.1088/1126-6708/2009/04/002"
}

@Article{NNLO_h,
     author    = "{G. Bozzi, S. Catani, D. de Florian, and M. Grazzini}",
     title     = "Transverse-momentum resummation and the spectrum of the {Higgs} boson at the {LHC}",
     journal   = "Nucl. Phys.",
     volume    = "B737",
     year      = "2006",
     pages     = "73"
}

@Article{Higgs1,
     author    = "{F. Englert and R. Brout}",
     title     = "Broken symmetries and the masses of gauge bosons",
     journal   = "Phys. Rev. Lett.",
     volume    = "13",
     year      = "1964",
     pages     = "321",
     doi       = "10.1103/PhysRevLett.13.321"
}

@Article{Higgs2,
     author    = "{P. W. Higgs}",
     title     = "Broken symmetry and the mass of gauge vector mesons",
     journal   = "Phys. Rev. Lett.",
     volume    = "13",
     year      = "1964",
     pages     = "508",
     doi       = "10.1103/PhysRevLett.13.508"
}

@Article{Higgs3,
      author         = "Guralnik, G.S. and Hagen, C.R. and Kibble, T.W.B.",
      title          = "{Global Conservation Laws and Massless Particles}",
      journal        = "Phys.Rev.Lett.",
      volume         = "13",
      pages          = "585-587",
      doi            = "10.1103/PhysRevLett.13.585",
      year           = "1964",
}

@Article{dittmar,
     author    = "{M.~Dittmar and H.~K.~Dreiner}",
     title     = "How to find a Higgs boson with a mass between 155 and 180 GeV at the CERN LHC",
     journal   = "Phys. Rev.",
     volume    = "D55",
     year      = "1997",
     pages     = "167",
     doi       = "10.1103/PhysRevD.55.167"
}

@Article{LEPHIGGS,
     author    = "{ALEPH, DELPHI, L3, OPAL Collaborations, and The LEP Working Group for Higgs Boson Searches}",
     title = "Search for the Standard Model Higgs boson at {LEP}",
     journal   = "Phys. Lett.",
     volume    = "B565",
     year      = "2003",
     pages     = "61",
     doi       = "10.1016/S0370-2693(03)00614-2"
}

@Article{MCatNLO,
     author    = "{S. Frixione and B.R. Webber}",
     title = "Matching NLO QCD computations and parton showers simulations",
     journal   = "JHEP",
     volume    = "0206",
     year      = "2002",
     pages     = "029",
     doi       = "10.1088/1126-6708/2002/06/029"
}

@Article{EWK,
     author    = "{ALEPH, CDF, D0, DELPHI, L3, OPAL, SLD Collaborations, the LEP Working Group, the Tevatron Electroweak Working Group, and the SLD Electroweak and Heavy flavor Group}",
     title     = "Precision electroweak measurements and constraints on the standard model",
     eprint   = "0911.2604",
     archivePrefix = "arXiv",
     primaryclass = {hep-ex},
     year = "2009",
     Slaccitation = {%%CITATION = 0911.2604;%%},
}

@Article{cteq66,
     author    = "Lai, Hung-Liang and others",
     title     = "{Uncertainty induced by QCD coupling in the CTEQ-TEA global
                  analysis of parton distributions}",
     year      = "2010",
     eprint    = "1004.4624",
     archivePrefix = "arXiv",
     primaryClass  =  "hep-ph"
}

@Article{muonpas,
   author = "{CMS Collaboration}",
   collaboration = "CMS",
   title = "Performance of muon identification in pp collisions at $\sqrt{s}$ = 7 {TeV}",
   url = "http://cdsweb.cern.ch/record/1279140",
   journal = "CMS Physics Analysis Summary",
   volume = "{CMS-PAS-MUO-10-002}",
   year = "2010"
}

@Article{egmpas,
   author = "{CMS Collaboration}",
   collaboration = "CMS",
   title = "Electron Reconstruction and Identification at $\sqrt{s} = 7$ {TeV}",
   url = "http://cdsweb.cern.ch/record/1299116",
   journal = "CMS Physics Analysis Summary",
   volume = "{CMS-PAS-EGM-10-004}",
   year = "2010"
}

@Article{wwpasseps,
   author = "{CMS Collaboration}",
   collaboration = "CMS",
   title = "Measurement of WW and observation of WZ and ZZ in leptonic modes",
   journal = "CMS Physics Analysis Summary",
   volume = "{CMS-PAS-EWK-11-010}",
   year = "2011"
}

@Article{CDF,
     author    = "{T. Aaltonen et al.}",
     collaboration = "CDF",
     title = "Measurement of the {$W^+W^-$} production cross section and search for anomalous {$WW\gamma$} and {$WWZ$} couplings in $p\bar{p}$ collisions at $\sqrt{s}$=1.96 {TeV}",
     journal   = "Phys. Rev. Lett.",
     volume    = "104",
     year      = "2010",
     pages     = "201801",
     doi       = "10.1103/PhysRevLett.104.201801"
}

@Article{Agostinelli:2002hh,
      author         = "Agostinelli, S. and others",
      title          = "{GEANT4}: A Simulation toolkit",
      collaboration  = "GEANT4",
      journal        = "Nucl. Instrum. Meth.",
      volume         = "A506",
      pages          = "250-303",
      doi            = "10.1016/S0168-9002(03)01368-8",
      year           = "2003",
}

@Article{PFT-09-001,
   author = "{CMS Collaboration}",
   collaboration = "CMS",
   title = "Particle Flow Event Reconstruction in {CMS} and Performance for Jets, Taus, and {MET}",
   url = "http://cdsweb.cern.ch/record/1194487",
   journal = "CMS Physics Analysis Summary",
   volume = "{CMS-PAS-PFT-09-001}",
   year = "2009"
}

@Article{btag1,
   author = "{CMS Collaboration}",
   collaboration = "CMS",
   title = "Algorithms for b-jet identification in {CMS}",
   journal = "CMS Physics Analysis Summary",
   volume = "{CMS-PAS-BTV-09-001}",
   year = "2009"
}

@Article{btag2,
   author = "{CMS Collaboration}",
   collaboration = "CMS",
   title = "Commissioning of b-jet identification with pp collisions at $\sqrt{s}$ = 7 {TeV}",
   url = "http://cdsweb.cern.ch/record/1279144",
   journal = "CMS Physics Analysis Summary",
   volume = "{CMS-PAS-BTV-10-001}",
   year = "2010"
}

@Article{PFT-10-002,
   author = "{CMS Collaboration}",
   collaboration = "CMS",
   title = "Commissioning of the Particle-Flow reconstruction in Minimum-Bias and Jet Events from pp Collisions at 7 {TeV}",
   url = "http://cdsweb.cern.ch/record/1279341",
   journal = "CMS Physics Analysis Summary",
   volume = "{CMS-PAS-PFT-10-002}",
   year = "2010"
}

@Article{CMSHiggs,
   author = "{CMS Collaboration}",
   collaboration = "CMS",
   title = "Search for standard model Higgs boson in pp collisions at $\sqrt{s}$ = 7 TeV
   and integrated luminosity up to 1.7 $\ifb$",
   journal = "CMS Physics Analysis Summary",
   volume = "{CMS-PAS-HIG-11-022}",
   year = "2011"
}

@Article{ATLASHiggs,
   author = "{ATLAS Collaboration}",
   collaboration = "ATLAS",
   title = "Update of the Combination of Higgs Boson Searches in 1.0 to 2.3 $\ifb$ of pp Collisions Data
   Taken at $\sqrt{s}$ = 7 TeV with the ATLAS Experiment at the LHC",
   journal = "ATLAS Higgs public results",
   volume = "ATLAS-CONF-2011-135",
   year = "2011"
}





@Article{HWW1997,
     author    = "Dittmar, M. and Dreiner, H.K.",
     title     = "How to find a {Higgs} boson with a mass between 155 and 180 {GeV} at the {CERN LHC}",
     journal   = "Phys. Rev.",
     volume    = "D55",
     year      = "1997",
     pages     = "167",
     doi       = "10.1103/PhysRevD.55.167"
}

@Article{Pythia,
     author    = "{T.~Sj\"ostrand, S.~Mrenna, and P.~Skands}",
     title     = "PYTHIA 6.4 physics and manual",
     journal   = "JHEP",
     volume    = "05",
     pages     = "026",
     year      ="2006",
     doi       = "10.1088/1126-6708/2006/05/026"
}

@Article{TEVHIGGS,
     author    = "Aaltonen, T. and others",
     collaboration = "CDF and D0",
     title = "Combined Tevatron Upper Limit on $gg \to H \to W^+W^-$ and Constraints on the Higgs Boson Mass in Fourth-Generation Fermion Models",
     journal   = "Phys. Rev. D",
     volume    = "82",
     year      = "2010",
     pages     = "011102",
     doi       = "10.1103/PhysRevD.82.011102"
}

@Article{TEVHIGGS_2011,
     author    = "Aaltonen, T. and others",
     collaboration = "CDF and D0",
     title     = "{Combined CDF and D0 Upper Limits on Standard Model Higgs
                  Boson Production with up to 8.2 fb-1 of Data}",
     eprint         = "1103.3233",
     archivePrefix  = "arXiv",
     year      = "2011"
}


@Article{ggww,
     author    = "{T. Binoth, M. Ciccolini, N. Kauer, and M. Kramer}",
     title     = "Gluon-induced {$W$}-boson pair production at the {LHC}",
     journal   = "JHEP",
     volume    = "12",
     pages     = "046",
     year      = "2006",
     doi       = "10.1088/1126-6708/2006/12/046"
}

@Article{Madgraph,
     author    = "{J. Alwall, P. Demin, S. de Visscher, R. Frederix, M. Herquet, F. Maltoni, T. Plehn, D. L. Rainwater, and T. Stelzer}",
     title     = "{MadGraph/MadEvent v4}: the new web generation",
     journal   = "JHEP",
     volume    = "09",
     pages     = "028",
     year      = "2007",
     doi       = "10.1088/1126-6708/2007/09/028"
}

@Article{FEWZ,
     author         = "{R.~Gavin, Y.~Li, F.~Petriello and S.~Quackenbush}",
     title          = "FEWZ 2.0: A code for hadronic Z production at the next-to-next-to-leading order",
     journal        = "arXiv:1011.3540v1",
     year           = "2010",
}

@Article{CMSdetector,
     author    = "{S. Chatrchyan et al.}",
     collaboration = "CMS",
     title = "The {CMS} experiment at the {CERN LHC}",
     journal   = "JINST",
     volume    = "3",
     year      = "2008",
     pages     = "S08004",
     doi       = "10.1088/1748-0221/3/08/S08004"
}

@Article{HWWAnalysis_Alpha,
     author    = "{G. Bauer {\it et. al.}}",
     title     = "{A Higgs Boson Search in the Fully Leptonic $W^+W^-$ Final State}",
     journal   = "{AN-2011/155}",
     year = "2011"
}

@Article{powheg,
     author    = "{S. Frixione, P. Nason, and C. Oleari}",  
     title     = "Matching {NLO QCD} computations with parton shower simulations: the {POWHEG} method",
    journal = "JHEP",
    volume = "2007",
    pages = "070",
    number = "11",
     year = "2007",
     Slaccitation = {%%CITATION = 0709.2092;%%},
     doi       = "10.1088/1126-6708/2007/11/070"
}

@Article{HWWAnalysis_A,
     author    = "{J. Brochero {\it et. al.}}",
     title     = "{Search for the Higgs Boson in the Fully Leptonic WW Final State}",
     journal   = "{AN-2010/201}",
     year = "2011"
}

@Article{HWW2010,
     author    = "{CMS Collaboration}",
     title     = "Measurement of WW Production and Search for the Higgs Boson in pp Collisions at $\sqrt{s}$ = 7 TeV",
     eprint    = "1102.5429",
     archivePrefix = "arXiv",
     year = "2010"
}

@Article{VBTFCrossSectionNote,
   author = "{J. Alcaraz Maestre, \textit{et al.}}",
   title = "Updated Measurements of Inclusive W and Z Cross Sections at $\sqrt{s}=7$ TeV",
   journal = "CMS AN-2010/264",
   year = "2010"
}

@Article{ggWWError,
     author    = "{F.~ Stoeckli}",
     title     = "{http://indico.cern.ch/getFile.py/access?contribId=0\&resId=1\&materialId=slides\&confId=49009}",
     journal   = "{EWK Diboson meeting of March 12 2009}",
     year = "2009"
}

@Article{ElIso,
     author    = "{A. Vartak, M. LeBourgeois, V. Sharma}",
     title     = "{Lepton Isolation in the CMS Tracker, ECAL and HCAL}",
     journal   = "{CMS AN-2010/106}",
     year = "2010"
}

@MISC{json,
NOTE="Official JSON file,
{\tt /afs/cern.ch/cms/CAF/CMSCOMM/COMM\_DQM/certification/Collisions11/7TeV/Prompt/Cert\_160404-163869\_7TeV\_PromptReco\_Collisions11\_JSON.txt}"
}

@Article{PVDA,
     author    = "{W. Erdmann, M. LeBourgeois, B. Mangano}",
     title     = "{https://indico.cern.ch/getFile.py/access?contribId=5\&sessionId=3\&resId=1\&materialId=slides\&confId=127127}",
     journal   = "{note in preparation}",
     year = "2011"
}

@Article{NExpHits,
     author    = "{B. Mangano et al.}",
     title     = "{Improvement in Photon Conversion Rejection Performance Using Advanced Tracking Tools}",
     journal   = "AN-10-283",
     year = "2010"
}

@Article{fakeLeptonNote1,
     author    = "{S.~Xie, \textit{et al.}}",
     title     = "{Study of Data-Driven Methods for Estimation of Fake Lepton Backgrounds}",
     journal   = "CMS AN-2009/120",
     year = "2009"
}

@Article{fakeLeptonNote2,
     author    = "{W.~Andrews, \textit{et al.}}",
     title     = "{Fake Rates for dilepton Analyses}",
     journal   = "CMS AN-2010/257",
     year = "2010"
}

@Article{fakeLeptonBkgSpillage1,
     author    = "{F. Golf, D. Evans, J. Mulmenstadt  \textit{et al.}}",
     title     = "{Expectations for observation of top quark pair production in the dilepton final state with the early CMS data}",
     journal   = "CMS AN-2009/050",
     year = "2009"
}

@Article{dyestnote,
     author    = "{W.~Andrews, \textit{et al.}}",
     title     = "{A Method to Measure the Contribution of \dyll\ to a di-lepton + MET Selection}",
     journal   = "CMS AN-2009/023",
     year = "2009"
}

@Article{jes,
     author    = "{CMS Collaboration}",
     title     = "{Jet Energy Calibration with Photon+Jet Events}",
     journal   = "PAS JME-09-004",
     year = "2009"
}

@Article{jetpas,
     collaboration    = "CMS",
     title     = "{Jet Performance in pp Collisions at $\sqrt{s}=7 \rm\ TeV$}",
     journal = "CMS PAS",
     volume      = "JME-10-003",
     year    = "2010"
}

@Article{btag,
     author    = "{CMS collaboration}",
     title     = "{Commissioning of b-jet identification with pp collisions at sqrt(s) = 7TeV}",
     journal   = "BTV-10-001",
     year = "2010"
}

@Article{antikt,
     author    = "Cacciari, Matteo and Salam, Gavin P. and Soyez, Gregory",
     title     = "{The anti-$k_t$ jet clustering algorithm}",
     journal   = "JHEP",
     volume    = "04",
     year      = "2008",
     pages     = "063",
     eprint    = "0802.1189",
     archivePrefix = "arXiv",
     primaryClass  =  "hep-ph"
}

@Article{ConversionNote,
     author    = "{W.~Andrews, \textit{et al.}}",
     title     = "{Study of photon conversion rejection at CMS}",
     journal   = "CMS AN-2009/159",
     year = "2010"
}


@Article{tmva,
     author    = "{A. Hoecker et al.}",
     title    = "TMVA - toolkit for multivariate data analysis",
     eprint   = "0703039",
     archivePrefix = "arXiv",
     primaryclass = {physics},
     year = "2007",
     Slaccitation = {%%CITATION = 0703039;%%},
}

@MISC{XS,
NOTE="CMS Generator group,
{\tt Standard Model Cross Sections for CMS at 7 TeV, 2010}"
}

@MISC{PDF4LHC,
NOTE="PDF4LHC Working Group,
{\tt http://www.hep.ucl.ac.uk/pdf4lhc/PDF4LHCrecom.pdf}"
}

@Article{Nadolsky:2008zw,
     author    = "Nadolsky, Pavel M. and others",
     title     = "{Implications of CTEQ global analysis for collider
                  observables}",
     journal   = "Phys. Rev.",
     volume    = "D78",
     year      = "2008",
     pages     = "013004",
     eprint    = "0802.0007",
     archivePrefix = "arXiv",
     primaryClass  =  "hep-ph",
     doi       = "10.1103/PhysRevD.78.013004",
     SLACcitation  = "%%CITATION = 0802.0007;%%"
}

@Article{Martin:2009iq,
     author    = "Martin, A. D. and Stirling, W. J. and Thorne, R. S. and
                  Watt, G.",
     title     = "{Parton distributions for the LHC}",
     journal   = "Eur. Phys. J.",
     volume    = "C63",
     year      = "2009",
     pages     = "189-285",
     eprint    = "0901.0002",
     archivePrefix = "arXiv",
     primaryClass  =  "hep-ph",
     doi       = "10.1140/epjc/s10052-009-1072-5",
     SLACcitation  = "%%CITATION = 0901.0002;%%"
}

@Article{Ball:2010de,
     author    = "Ball, Richard D. and others",
     title     = "{A first unbiased global NLO determination of parton
                  distributions and their uncertainties}",
     year      = "2010",
     eprint    = "1002.4407",
     archivePrefix = "arXiv",
     primaryClass  =  "hep-ph",
     SLACcitation  = "%%CITATION = 1002.4407;%%"
}

@Article{bayesian,
     author    = "{A. O'Hagan and J.J. Forster}",
     title = "Bayesian Inference",
     journal   = "{Kendalls Advanced Theory of Statistics, Arnold, London}",
     volume    = "2B",
     year      = "2004"
}

@Article{ref:tagprobe_mit_w,
     author    = "{G. Bauer {\it et. al.}}",
     title = "Lepton effiencies for the inclusive W cross section measurement with 36.1pb$^{-1}$",
     journal   = "{AN2011/097}",
     year      = "2011"
}

@Article{ref:tagprobe_snt_top,
     author    = "{W. Andrews {\it et. al.}}",
     title = "Uncertainties on the Lepton Selection Efficiency for t$t\bar{t}$ Cross Section Analysis",
     journal   = "{AN2010/274}",
     year      = "2010"
}

@article{LHCHiggsCrossSectionWorkingGroup:2011ti,
   author         = "{LHC Higgs Cross Section Working Group} and Dittmaier, S.
                   and Mariotti, C. and Passarino, G. and Tanaka (Eds.), R. and others",
   title          = "Handbook of LHC Higgs Cross Sections: Inclusive Observables",
   year           = "2011",
   eprint         = "1101.0593",
   archivePrefix  = "arXiv",
   primaryClass   = "hep-ph",
}

@Article{PFMET,
     author    = "{CMS collaboration}",
     title     = "{CMS MET Performance in Events Containing Electroweak Bosons from pp Collisions at $\sqrt{s}=7$ TeV}",
     journal   = "CMS PAS JME-2010-005",
     year = "2010"
}

@Article{trkMET1,
   author    = "{Marco Zanetti {\it et. al.}}",
   title     = "$\met$ with PU in $\hww\to2\ell$",
   journal   = "{https://indico.cern.ch/conferenceDisplay.py?confId=131580}",
   year      = "2011"
}

@Article{trkMET2,
   author    = "{Benjamin Hooberman {\it et. al.}}",
   title     = "$\met$ with PU in MC and First 2011 Data",
   journal   = "{https://indico.cern.ch/contributionDisplay.py?contribId=5\&confId=132579}",
   year      = "2011"
}

@Article{lands,
     author    = "{M. Chen, A. Korytov}",
     title     = "{LandS: Limits and Signifcance}",
     journal   = "{https://mschen.web.cern.ch/mschen/LandS/}",
     year = "2010"
}

@article{MCFMHiggsProduction,
   author         = "{J. Campbell, R.K. Ellis, G. Zanderighi}",
   title          = "Next-to-Leading order Higgs + 2 jet production via gluon fusion",
     journal   = "JHEP",
     volume    = "0610",
     year      = "2006",
     pages     = "028",
     eprint    = "0608.194",
     archivePrefix = "arXiv",
     primaryClass  =  "hep-ph"
}

@article{Cacciari:fastjet,
      author         = "Cacciari, Matteo and Salam, Gavin P.",
      title          = "{Dispelling the $N^{3}$ myth for the $k_t$ jet-finder}",
      journal        = "Phys.Lett.",
      volume         = "B641",
      pages          = "57-61",
      doi            = "10.1016/j.physletb.2006.08.037",
      year           = "2006",
      eprint         = "hep-ph/0512210",
      archivePrefix  = "arXiv",
      primaryClass   = "hep-ph",
}

@article{Cacciari:subtraction,
      author         = "Cacciari, Matteo and Salam, Gavin P.",
      title          = "{Pileup subtraction using jet areas}",
      journal        = "Phys.Lett.",
      volume         = "B659",
      pages          = "119-126",
      doi            = "10.1016/j.physletb.2007.09.077",
      year           = "2008",
      eprint         = "0707.1378",
      archivePrefix  = "arXiv",
      primaryClass   = "hep-ph",
}
