@article{Eboli:1995gv,
      author         = "Eboli, Oscar J.P. and Magro, M.B. and Mercadante, P.G.
                        and Novaes, S.F.",
      title          = "{Quartic anomalous couplings in gamma gamma colliders}",
      journal        = "Phys.Rev.",
      volume         = "D52",
      pages          = "15-21",
      doi            = "10.1103/PhysRevD.52.15",
      year           = "1995",
      eprint         = "hep-ph/9503432",
      archivePrefix  = "arXiv",
      primaryClass   = "hep-ph",
      reportNumber   = "IFUSP-P-1131, IFT-P-017-95",
      SLACcitation   = "%%CITATION = HEP-PH/9503432;%%",
}
@article{Royon:2010tw,
      author         = "Royon, Christophe and Chapon, Emilien and Kepka, Oldrich",
      title          = "{Anomalous quartic and triple gauge couplings in
                        $\gamma$-induced processes at the LHC}",
      journal        = "PoS",
      volume         = "DIS2010",
      pages          = "089",
      doi            = "10.1063/1.3601394",
      year           = "2010",
      eprint         = "1008.0258",
      archivePrefix  = "arXiv",
      primaryClass   = "hep-ph",
      SLACcitation   = "%%CITATION = ARXIV:1008.0258;%%",
}

@article{Brunstein:1996fz,
      author         = "Brunstein, A. and Eboli, Oscar J.P. and Gonzalez-Garcia,
                        M.C.",
      title          = "{Constraints on quartic vector boson interactions from Z
                        physics}",
      journal        = "Phys.Lett.",
      volume         = "B375",
      pages          = "233-239",
      doi            = "10.1016/0370-2693(96)00281-X",
      year           = "1996",
      eprint         = "hep-ph/9602264",
      archivePrefix  = "arXiv",
      primaryClass   = "hep-ph",
      reportNumber   = "CERN-TH-96-22, IFUSP-P-1198, MADPH-96-926",
      SLACcitation   = "%%CITATION = HEP-PH/9602264;%%",
}
@article{Abbiendi:2004bf,
      author         = "Abbiendi, G. and others",
      title          = "{Constraints on anomalous quartic gauge boson couplings
                        from nu anti-nu gamma gamma and q anti-q gamma gamma
                        events at LEP-2}",
      collaboration  = "OPAL Collaboration",
      journal        = "Phys.Rev.",
      volume         = "D70",
      pages          = "032005",
      doi            = "10.1103/PhysRevD.70.032005",
      year           = "2004",
      eprint         = "hep-ex/0402021",
      archivePrefix  = "arXiv",
      primaryClass   = "hep-ex",
      reportNumber   = "CERN-PH-EP-2004-003",
      SLACcitation   = "%%CITATION = HEP-EX/0402021;%%",
}
@article{Acciarri:2000en,
      author         = "Acciarri, M. and others",
      title          = "{Measurement of the $W^{+} W^{-} \gamma$ cross-section
                        and direct limits on anomalous quartic gauge boson
                        couplings at LEP}",
      collaboration  = "L3 Collaboration",
      journal        = "Phys.Lett.",
      volume         = "B490",
      pages          = "187-195",
      doi            = "10.1016/S0370-2693(00)00993-X",
      year           = "2000",
      eprint         = "hep-ex/0008022",
      archivePrefix  = "arXiv",
      primaryClass   = "hep-ex",
      reportNumber   = "CERN-EP-2000-097",
      SLACcitation   = "%%CITATION = HEP-EX/0008022;%%",
}
@article{Beringer:1900zz,
      author         = "Beringer, J. and others",
      title          = "{Review of Particle Physics (RPP)}",
      collaboration  = "Particle Data Group",
      journal        = "Phys.Rev.",
      volume         = "D86",
      pages          = "010001",
      doi            = "10.1103/PhysRevD.86.010001",
      year           = "2012",
      SLACcitation   = "%%CITATION = PHRVA,D86,010001;%%",
}
@article{ALEPH:2005aa,
      key            = "697356",
      title          = "{A Combination of preliminary electroweak measurements
                        and constraints on the standard model}",
      collaboration  = "ALEPH Collaboration, DELPHI Collaboration, L3
                        Collaboration, OPAL Collaboration, LEP Electroweak Working
                        Group",
      year           = "2005",
      eprint         = "hep-ex/0511027",
      archivePrefix  = "arXiv",
      primaryClass   = "hep-ex",
      reportNumber   = "CERN-PH-EP-2005-051, LEPEWWG-2005-01,
                        ALEPH-2005-004-PHYSICS-2005-004, DELPHI-2005-027-PHYS-947,
                        L3-NOTE-2832, OPAL-PR-413",
      SLACcitation   = "%%CITATION = HEP-EX/0511027;%%",
}
@article{Eboli:2000ad,
      author         = "Eboli, Oscar J.P. and Gonzalez-Garcia, M.C. and Lietti,
                        S.M. and Novaes, S.F.",
      title          = "{Anomalous quartic gauge boson couplings at hadron
                        colliders}",
      journal        = "Phys.Rev.",
      volume         = "D63",
      pages          = "075008",
      doi            = "10.1103/PhysRevD.63.075008",
      year           = "2001",
      eprint         = "hep-ph/0009262",
      archivePrefix  = "arXiv",
      primaryClass   = "hep-ph",
      reportNumber   = "IFT-P-080-2000, IFIC-00-52",
      SLACcitation   = "%%CITATION = HEP-PH/0009262;%%",
}
@article{:2012gk,
      author         = "Aad, Georges and others",
      title          = "{Observation of a new particle in the search for the
                        Standard Model Higgs boson with the ATLAS detector at the
                        LHC}",
      collaboration  = "ATLAS Collaboration",
      journal        = "Phys.Lett.",
      volume         = "B716",
      pages          = "1-29",
      doi            = "10.1016/j.physletb.2012.08.020",
      year           = "2012",
      eprint         = "1207.7214",
      archivePrefix  = "arXiv",
      primaryClass   = "hep-ex",
      reportNumber   = "CERN-PH-EP-2012-218",
      SLACcitation   = "%%CITATION = ARXIV:1207.7214;%%",
}
@article{:2012gu,
      author         = "Chatrchyan, Serguei and others",
      title          = "{Observation of a new boson at a mass of 125 GeV with the
                        CMS experiment at the LHC}",
      collaboration  = "CMS Collaboration",
      journal        = "Phys.Lett.",
      volume         = "B716",
      pages          = "30-61",
      doi            = "10.1016/j.physletb.2012.08.021",
      year           = "2012",
      eprint         = "1207.7235",
      archivePrefix  = "arXiv",
      primaryClass   = "hep-ex",
      reportNumber   = "CMS-HIG-12-028, CERN-PH-EP-2012-220",
      SLACcitation   = "%%CITATION = ARXIV:1207.7235;%%",
}
@article{Eboli:2006wa,
      author         = "Eboli, O.J.P. and Gonzalez-Garcia, M.C. and Mizukoshi,
                        J.K.",
      title          = "{$p p \to j j e^{\pm} \mu^{\pm} \nu \nu$ and $j j e^{\pm} \mu^{\pm} \nu \nu$ at
                        $O(\alpha_{em}^{6})$ and $O(\alpha_{em}^4 \alpha_{s}^2)$ for the
                        study of the quartic electroweak gauge boson vertex at
                        CERN LHC}",
      journal        = "Phys.Rev.",
      volume         = "D74",
      pages          = "073005",
      doi            = "10.1103/PhysRevD.74.073005",
      year           = "2006",
      eprint         = "hep-ph/0606118",
      archivePrefix  = "arXiv",
      primaryClass   = "hep-ph",
      reportNumber   = "YITP-SB-06-10, IFUSP-1620-2006",
      SLACcitation   = "%%CITATION = HEP-PH/0606118;%%",
}
@Book{burgess2007,
  author = 	 {Burgess, Cliff},
  title = 	 {The Standard Model - A Primer},
  publisher = 	 {Cambridge University Press},
  year = 	 {2007},
  OPTkey = 	 {},
  OPTvolume = 	 {},
  OPTnumber = 	 {},
  OPTseries = 	 {},
  OPTaddress = 	 {},
  OPTedition = 	 {},
  OPTmonth = 	 {},
  OPTnote = 	 {},
  OPTannote = 	 {}
}
@article{Weinberg:1968de,
      author         = "Weinberg, Steven",
      title          = "{Nonlinear realizations of chiral symmetry}",
      journal        = "Phys.Rev.",
      volume         = "166",
      pages          = "1568-1577",
      doi            = "10.1103/PhysRev.166.1568",
      year           = "1968",
      SLACcitation   = "%%CITATION = PHRVA,166,1568;%%",
}
@article{Coleman:1969sm,
      author         = "Coleman, Sidney R. and Wess, J. and Zumino, Bruno",
      title          = "{Structure of phenomenological Lagrangians. 1.}",
      journal        = "Phys.Rev.",
      volume         = "177",
      pages          = "2239-2247",
      doi            = "10.1103/PhysRev.177.2239",
      year           = "1969",
      SLACcitation   = "%%CITATION = PHRVA,177,2239;%%",
}
@article{Callan:1969sn,
      author         = "Callan, Curtis G., Jr. and Coleman, Sidney R. and Wess,
                        J. and Zumino, Bruno",
      title          = "{Structure of phenomenological Lagrangians. 2.}",
      journal        = "Phys.Rev.",
      volume         = "177",
      pages          = "2247-2250",
      doi            = "10.1103/PhysRev.177.2247",
      year           = "1969",
      SLACcitation   = "%%CITATION = PHRVA,177,2247;%%",
}
@Book{killian2003,
  author = 	 {Killian, Wolfgang},
  title = 	 {Electroweak Symmetry Breaking: The Bottom-Up Approach},
  publisher = 	 {Springer-Verlag},
  year = 	 {2003},
  OPTkey = 	 {},
  OPTvolume = 	 {},
  OPTnumber = 	 {},
  OPTseries = 	 {},
  address = 	 {New York},
  OPTedition = 	 {},
  OPTmonth = 	 {},
  OPTnote = 	 {},
  OPTannote = 	 {}
}
@article{Appelquist:1980vg,
      author         = "Appelquist, Thomas and Bernard, Claude W.",
      title          = "{Strongly Interacting Higgs Bosons}",
      journal        = "Phys.Rev.",
      volume         = "D22",
      pages          = "200",
      doi            = "10.1103/PhysRevD.22.200",
      year           = "1980",
      reportNumber   = "YTP-80-01",
      SLACcitation   = "%%CITATION = PHRVA,D22,200;%%",
}
@article{Longhitano:1980iz,
      author         = "Longhitano, Anthony C.",
      title          = "{Heavy Higgs Bosons in the Weinberg-Salam Model}",
      journal        = "Phys.Rev.",
      volume         = "D22",
      pages          = "1166",
      doi            = "10.1103/PhysRevD.22.1166",
      year           = "1980",
      reportNumber   = "YTP-80-04",
      SLACcitation   = "%%CITATION = PHRVA,D22,1166;%%",
}
@article{Longhitano:1980tm,
      author         = "Longhitano, Anthony C.",
      title          = "{Low-Energy Impact of a Heavy Higgs Boson Sector}",
      journal        = "Nucl.Phys.",
      volume         = "B188",
      pages          = "118",
      doi            = "10.1016/0550-3213(81)90109-7",
      year           = "1981",
      reportNumber   = "YTP-80-27-REV, YTP-80-27",
      SLACcitation   = "%%CITATION = NUPHA,B188,118;%%",
}
@article{Appelquist:1993ka,
      author         = "Appelquist, Thomas and Wu, Guo-Hong",
      title          = "{The Electroweak chiral Lagrangian and new precision
                        measurements}",
      journal        = "Phys.Rev.",
      volume         = "D48",
      pages          = "3235-3241",
      doi            = "10.1103/PhysRevD.48.3235",
      year           = "1993",
      eprint         = "hep-ph/9304240",
      archivePrefix  = "arXiv",
      primaryClass   = "hep-ph",
      reportNumber   = "YCTP-P7-93",
      SLACcitation   = "%%CITATION = HEP-PH/9304240;%%",
}
@article{Feruglio:1992wf,
      author         = "Feruglio, F.",
      title          = "{The Chiral approach to the electroweak interactions}",
      journal        = "Int.J.Mod.Phys.",
      volume         = "A8",
      pages          = "4937-4972",
      doi            = "10.1142/S0217751X93001946",
      year           = "1993",
      eprint         = "hep-ph/9301281",
      archivePrefix  = "arXiv",
      primaryClass   = "hep-ph",
      reportNumber   = "DFPD-92-TH-50, C93-09-01.3",
      SLACcitation   = "%%CITATION = HEP-PH/9301281;%%",
}
@Book{aihara1996,
  author = 	 {Aihara, H and others},
  title = 	 {Electroweak Symmetry Breaking and New Physics at the TeV Scale},
  publisher = 	 {World Scientific},
  year = 	 {1996},
  OPTkey = 	 {},
  OPTvolume = 	 {},
  OPTnumber = 	 {},
  OPTseries = 	 {},
  address = 	 {Singapore},
  OPTedition = 	 {},
  OPTmonth = 	 {},
  OPTnote = 	 {},
  OPTannote = 	 {}
}
@article{Belanger:1992qh,
      author         = "Belanger, G. and Boudjema, F.",
      title          = "{Probing quartic couplings of weak bosons through three
                        vectors production at a 500-GeV NLC}",
      journal        = "Phys.Lett.",
      volume         = "B288",
      pages          = "201-209",
      doi            = "10.1016/0370-2693(92)91978-I",
      year           = "1992",
      reportNumber   = "ENSLAPP-A-363-92, UDEM-LPN-TH-82",
      SLACcitation   = "%%CITATION = PHLTA,B288,201;%%",
}
@article{Stirling:1999ek,
      author         = "Stirling, W. James and Werthenbach, Anja",
      title          = "{Anomalous quartic couplings in W+ W- gamma, Z0 Z0 gamma
                        and Z0 gamma gamma production at present and future e+ e-
                        colliders}",
      journal        = "Eur.Phys.J.",
      volume         = "C14",
      pages          = "103-110",
      doi            = "10.1007/s100520050737",
      year           = "2000",
      eprint         = "hep-ph/9903315",
      archivePrefix  = "arXiv",
      primaryClass   = "hep-ph",
      reportNumber   = "DTP-99-30",
      SLACcitation   = "%%CITATION = HEP-PH/9903315;%%",
}
@article{Eboli:2003nq,
      author         = "Eboli, O.J.P. and Gonzalez-Garcia, M.C. and Lietti, S.M.",
      title          = "{Bosonic quartic couplings at CERN LHC}",
      journal        = "Phys.Rev.",
      volume         = "D69",
      pages          = "095005",
      doi            = "10.1103/PhysRevD.69.095005",
      year           = "2004",
      eprint         = "hep-ph/0310141",
      archivePrefix  = "arXiv",
      primaryClass   = "hep-ph",
      reportNumber   = "YITP-SB-54-03",
      SLACcitation   = "%%CITATION = HEP-PH/0310141;%%",
}
@article{Eboli:1993wg,
      author         = "Eboli, Oscar J.P. and Gonzalez-Garcia, M.C. and Novaes,
                        S.F.",
      title          = "{Quartic anomalous couplings in e gamma colliders}",
      journal        = "Nucl.Phys.",
      volume         = "B411",
      pages          = "381-396",
      doi            = "10.1016/0550-3213(94)90455-3",
      year           = "1994",
      eprint         = "hep-ph/9306306",
      archivePrefix  = "arXiv",
      primaryClass   = "hep-ph",
      reportNumber   = "MAD-PH-764, IFT-P-031-93, IFUSP-P-1047",
      SLACcitation   = "%%CITATION = HEP-PH/9306306;%%",
}
@article{Eboli:1995gv,
      author         = "Eboli, Oscar J.P. and Magro, M.B. and Mercadante, P.G.
                        and Novaes, S.F.",
      title          = "{Quartic anomalous couplings in gamma gamma colliders}",
      journal        = "Phys.Rev.",
      volume         = "D52",
      pages          = "15-21",
      doi            = "10.1103/PhysRevD.52.15",
      year           = "1995",
      eprint         = "hep-ph/9503432",
      archivePrefix  = "arXiv",
      primaryClass   = "hep-ph",
      reportNumber   = "IFUSP-P-1131, IFT-P-017-95",
      SLACcitation   = "%%CITATION = HEP-PH/9503432;%%",
}
@article{Buchmuller:1985jz,
      author         = "Buchmuller, W. and Wyler, D.",
      title          = "{Effective Lagrangian Analysis of New Interactions and
                        Flavor Conservation}",
      journal        = "Nucl.Phys.",
      volume         = "B268",
      pages          = "621",
      doi            = "10.1016/0550-3213(86)90262-2",
      year           = "1986",
      reportNumber   = "CERN-TH-4254/85",
      SLACcitation   = "%%CITATION = NUPHA,B268,621;%%",
}
@article{Leung:1984ni,
      author         = "Leung, Chung Ngoc and Love, S.T. and Rao, S.",
      title          = "{Low-Energy Manifestations of a New Interaction Scale:
                        Operator Analysis}",
      journal        = "Z.Phys.",
      volume         = "C31",
      pages          = "433",
      doi            = "10.1007/BF01588041",
      year           = "1986",
      reportNumber   = "FERMILAB-PUB-84-074-T",
      SLACcitation   = "%%CITATION = ZEPYA,C31,433;%%",
}
@article{DeRujula:1991se,
      author         = "De Rujula, A. and Gavela, M.B. and Hernandez, P. and
                        Masso, E.",
      title          = "{The Selfcouplings of vector bosons: Does LEP-1 obviate
                        LEP-2?}",
      journal        = "Nucl.Phys.",
      volume         = "B384",
      pages          = "3-58",
      doi            = "10.1016/0550-3213(92)90460-S",
      year           = "1992",
      SLACcitation   = "%%CITATION = NUPHA,B384,3;%%",
}
@article{Hagiwara:1992eh,
      author         = "Hagiwara, Kaoru and Ishihara, S. and Szalapski, R. and
                        Zeppenfeld, D.",
      title          = "{Low-energy constraints on electroweak three gauge boson
                        couplings}",
      journal        = "Phys.Lett.",
      volume         = "B283",
      pages          = "353-359",
      doi            = "10.1016/0370-2693(92)90031-X",
      year           = "1992",
      reportNumber   = "MAD-PH-690, KEK-TH-314, UT-597, KEK-PREPRINT-91-205",
      SLACcitation   = "%%CITATION = PHLTA,B283,353;%%",
}
@article{Hagiwara:1993ck,
      author        = "Hagiwara, Kaoru and Ishihara, S. and Szalapski, R. and
                        Zeppenfeld, D.",
      title          = "{Low-energy effects of new interactions in the
                        electroweak boson sector}",
      journal        = "Phys.Rev.",
      volume         = "D48",
      pages          = "2182-2203",
      doi            = "10.1103/PhysRevD.48.2182",
      year           = "1993",
      reportNumber   = "MAD-PH-737, UT-635, KEK-TH-356, KEK-PREPRINT-92-214",
      SLACcitation   = "%%CITATION = PHRVA,D48,2182;%%",
}
@article{Belanger:1999aw,
      author         = "Belanger, G. and Boudjema, F. and Kurihara, Y. and
                        Perret-Gallix, D. and Semenov, A.",
      title          = "{Bosonic quartic couplings at LEP-2}",
      journal        = "Eur.Phys.J.",
      volume         = "C13",
      pages          = "283-293",
      doi            = "10.1007/s100520000305",
      year           = "2000",
      eprint         = "hep-ph/9908254",
      archivePrefix  = "arXiv",
      primaryClass   = "hep-ph",
      reportNumber   = "KEK-CP-087, LAPTH-744-99",
      SLACcitation   = "%%CITATION = HEP-PH/9908254;%%",
}
@article{Aihara:1995iq,
      author         = "Aihara, H. and Barklow, T. and Baur, U. and Busenitz, J.
                        and Errede, S. and others",
      title          = "{Anomalous gauge boson interactions}",
      year           = "1995",
      eprint         = "hep-ph/9503425",
      archivePrefix  = "arXiv",
      primaryClass   = "hep-ph",
      reportNumber   = "SLAC-PUB-9982, FERMILAB-PUB-95-031, LBL-37155,
                        MAD-PH-871, UB-HET-95-01, UDEM-GPP-TH-95-14",
      SLACcitation   = "%%CITATION = HEP-PH/9503425;%%",
}
@article{Cortes:1985yi,
      author         = "Cortes, J. and Hagiwara, Kaoru and Herzog, F.",
      title          = "{TESTING THE W W gamma COUPLING OF THE STANDARD MODEL AT
                        p anti-p COLLIDERS}",
      journal        = "Nucl.Phys.",
      volume         = "B278",
      pages          = "26",
      doi            = "10.1016/0550-3213(86)90105-7",
      year           = "1986",
      reportNumber   = "DESY-85-132, CERN-TH-4212-85",
      SLACcitation   = "%%CITATION = NUPHA,B278,26;%%",
}
@article{Arzt:1994gp,
      author         = "Arzt, C. and Einhorn, M.B. and Wudka, J.",
      title          = "{Patterns of deviation from the standard model}",
      journal        = "Nucl.Phys.",
      volume         = "B433",
      pages          = "41-66",
      doi            = "10.1016/0550-3213(94)00336-D",
      year           = "1995",
      eprint         = "hep-ph/9405214",
      archivePrefix  = "arXiv",
      primaryClass   = "hep-ph",
      reportNumber   = "UM-TH-94-15, UCRHEP-125, CALT-68-1932",
      SLACcitation   = "%%CITATION = HEP-PH/9405214;%%",
}
@article{Belanger:1992qi,
      author         = "Belanger, G. and Boudjema, F.",
      title          = "$\gamma \gamma \to W^{+} W^{-}$ and $\gamma \gamma \to Z Z$ as
                        tests of novel quartic couplings",
      journal        = "Phys.Lett.",
      volume         = "B288",
      pages          = "210-220",
      doi            = "10.1016/0370-2693(92)91979-J",
      year           = "1992",
      reportNumber   = "ENSLAPP-A-364-92, UDEM-LPN-TH-80",
      SLACcitation   = "%%CITATION = PHLTA,B288,210;%%",
}
@article{Baillargeon:1995dg,
      author         = "Baillargeon, M. and Boudjema, F. and Chopin, E. and
                        Lafage, V.",
      title          = "{New physics with three photon events at LEP}",
      journal        = "Z.Phys.",
      volume         = "C71",
      pages          = "431-442",
      doi            = "10.1007/s002880050188",
      year           = "1996",
      eprint         = "hep-ph/9506396",
      archivePrefix  = "arXiv",
      primaryClass   = "hep-ph",
      reportNumber   = "ENSLAPP-A-518-95, FISIST-6-95-CFIF",
      SLACcitation   = "%%CITATION = HEP-PH/9506396;%%",
}
@article{Burgess:1992gx,
      author         = "Burgess, C.P. and London, David",
      title          = "{Uses and abuses of effective Lagrangians}",
      journal        = "Phys.Rev.",
      volume         = "D48",
      pages          = "4337-4351",
      doi            = "10.1103/PhysRevD.48.4337",
      year           = "1993",
      eprint         = "hep-ph/9203216",
      archivePrefix  = "arXiv",
      primaryClass   = "hep-ph",
      reportNumber   = "MCGILL-92-05, UDEM-LPN-TH-84",
      SLACcitation   = "%%CITATION = HEP-PH/9203216;%%",
}
@article{Belyaev:1998ih,
      author         = "Belyaev, A.S. and Eboli, Oscar J.P. and Gonzalez-Garcia,
                        M.C. and Mizukoshi, J.K. and Novaes, S.F. and others",
      title          = "{Strongly interacting vector bosons at the CERN LHC:
                        Quartic anomalous couplings}",
      journal        = "Phys.Rev.",
      volume         = "D59",
      pages          = "015022",
      doi            = "10.1103/PhysRevD.59.015022",
      year           = "1999",
      eprint         = "hep-ph/9805229",
      archivePrefix  = "arXiv",
      primaryClass   = "hep-ph",
      reportNumber   = "IFT-P-021-98, IFIC-98-35, FTUV-98-34, IFUSP-98-1306",
      SLACcitation   = "%%CITATION = HEP-PH/9805229;%%",
}